3042 4967
379 566 449 642 104
471 531 606 622 Lineae
630 542 892 657 rerriixordinis
913 531 1250 620 Nemorum.
1268 571 1274 588 .
1305 573 1308 577 ·
1423 511 1424 546 Ν

264 708 266 711 ’
374 707 615 815 'consequens
638 732 696 791 est
717 712 866 790 infinite
887 736 1038 814 magna.
1066 710 1155 796 Jarn
1176 713 1223 790 sit
1242 737 1269 788 x
1290 713 1348 788 in·
1382 698 1384 703 ’

339 995 343 1000 .
373 890 482 971 finire
494 867 643 992 parva,
658 906 698 969 et
722 873 859 972 evadet
874 915 906 982 y
923 920 975 956 π
993 827 1042 1038 ἒ
1060 885 1259 986 accurate,
1283 889 1345 990 qui

373 1093 482 1172 valor
494 1111 552 1169 est
566 1088 714 1170 infinite
731 1111 894 1195 magnus
906 1107 946 1166 et
959 1085 1219 1178 affirmativus3
1234 1070 1349 1188 quare
1423 1093 1424 1096 ‘

373 1237 488 1294 curva
509 1201 627 1292 habet
646 1239 731 1292 crus
751 1238 873 1322 unum
892 1213 938 1292 ad
960 1211 1113 1322 easdem
1131 1212 1348 1310 Asymptoti

373 1335 416 1424 A
436 1335 481 1418 D
509 1359 633 1442 partes
655 1342 784 1438 jacens
812 1365 903 1417 curn
926 1333 1099 1429 ordinati
1123 1327 1226 1428 BC,
1248 1353 1284 1412 et
1303 1339 1348 1412 in

375 1467 528 1548 easdem
542 1462 633 1542 cu'm
650 1462 835 1544 Ordinati
848 1483 972 1568 partes
991 1484 1202 1542 extensum.
1217 1463 1346 1566 Mutari

373 1593 626 1693 jamconcipe
642 1594 796 1696 signum
809 1593 921 1694 ipsius
936 1617 984 1686 x,
1000 1610 1040 1667 et
1057 1607 1143 1668 earn
1161 1595 1352 1681 etiannum

373 1742 532 1796 manere
557 1715 706 1798 infinite
728 1741 906 1818 parvam3
919 1737 1036 1820 atque
1055 1721 1129 1796 sin
1145 1720 1193 1794 sit
1219 1737 1347 1792 nnme-

375 1849 439 1922 rus
474 1845 624 1944 integer
666 1845 726 1922 vel
761 1841 902 1921 fractus
939 1867 1032 1918 cum
1049 1829 1352 1952 denominatore'

374 1972 555 2070 impare,
587 1967 707 2077 figora
748 1968 904 2050 habebit
936 1968 1035 2048 aliud
1068 1993 1156 2048 crus
1195 1969 1241 2046 ad
1270 1969 1347 2046 alias

274 2184 275 2187 Ν
373 2095 600 2194 Asymptoti
632 2111 757 2194 partes
779 2091 927 2190 jacens,
948 2111 988 2169 er
1019 2096 1059 2172 in
1085 2096 1239 2172 easdem
1264 2113 1346 2168 cum
1415 2090 1420 2165 i

253 2203 255 2206 ⁸
372 2222 491 2324 priori
514 2218 637 2318 plagas
660 2236 882 2312 extensum,
897 2221 927 2294 si
943 2215 968 2294 it
984 2197 1345 2325 est'numerussprn

373 2363 414 2424 at
434 2347 474 2420 in
493 2347 688 2449 oppositas
707 2349 738 2422 si
760 2349 809 2441 sir
830 2369 854 2420 n
875 2349 997 2446 impar
1022 2345 1083 2422 vel
1107 2343 1246 2423 fractus
1263 2364 1347 2420 cum

373 2469 671 2558 denominatore
704 2474 863 2576 impare.
902 2471 938 2547 Si
959 2471 1064 2549 ’vero
1093 2472 1141 2548 sir
1170 2497 1196 2548 n
1223 2467 1346 2546 fractio

373 2619 468 2673 cum
484 2595 785 2674 denominatore.
797 2618 908 2694 pare,
927 2599 1080 2695 signum
1099 2583 1254 2696 ipsiusne
1271 2615 1345 2670 nro·

374 2723 443 2800 tari
461 2724 675 2822 'nequinat
701 2697 958 2821 Asymptoros
979 2720 1134 2810 habebit
1157 2708 1238 2798 'duo
1252 2717 1346 2796 crura

295 2930 301 2947 ,
373 2848 422 2924 ad
448 2849 601 2924 easdem
635 2845 718 2942 ejus
745 2863 871 2947 partes
897 2845 1057 2945 jacentia
1088 2851 1201 2928 etin
1233 2849 1344 2948 plagas

374 2977 569 3075 oppositas
599 2976 853 3073 serpentia..

428 3089 514 3176 Cas
536 3123 571 3176 2.
599 3102 635 3177 Si
663 3101 923 3204 Asymptotos
948 3102 996 3177 sit
1017 3117 1157 3194 curva,
1176 3085 1352 3176 nurnerut
1399 3159 1411 3174 ..

374 3248 532 3312 crurum
555 3224 791 3324 dignoscitur
819 3247 863 3305 ex
892 3247 1055 3304 numero
1082 3225 1257 3303 valorum
1282 3203 1347 3300 Or·

294 3419 296 3427 .
374 3347 511 3428 dinatae
533 3350 787 3441 coeuntium,
816 3349 1109 3430 cumsnbscnsa
1129 3369 1186 3428 est
1208 3343 1346 3430 infinit&

375 3475 527 3568 magna.

375 3593 461 3670 Si
484 3597 544 3675 aiii
568 3597 643 3672 sint
665 3597 849 3675 seriorum
863 3623 997 3684 casus,
1011 3599 1070 3677 aiii
1090 3600 1225 3678 itidem
1244 3597 1353 3676 erirnt·

373 3744 531 3803 crurum
558 3746 689 3816 casus,-
717 3743 756 3801 at
787 3748 926 3802 eorum
954 3727 1069 3830 plagae
1098 3744 1139 3805 et
1172 3740 1347 3846 numerus

227 3876 232 3880 ·
339 3870 524 3946 ¹semper
549 3850 800 3930 innotescent.
817 3851 940 3943 Q.E.
962 3853 1036 3927 Ι.

398 3963 560 4051 Coroll.
588 3995 619 4048 1
648 3976 699 4051 Si
711 4003 736 4052 n
760 3979 808 4052 sit
829 3999 1011 4054 numerus
1032 3980 1247 4092 integeret
1256 3983 1346 4078 pari
1413 3973 1414 3976 ‘

244 4103 247 4110 '
374 4095 634 4204 Asymptotos
661 4099 777 4183 habet
801 4103 880 4186 duo
899 4127 1005 4186 crura
1028 4105 1076 4186 ad
1094 4105 1252 4187 diversas
1270 4099 1344 4198 ejus
