<?xml version="1.0" encoding="UTF-8"?>
<!DOCTYPE html PUBLIC "-//W3C//DTD XHTML 1.0 Transitional//EN"
    "http://www.w3.org/TR/xhtml1/DTD/xhtml1-transitional.dtd">
<html xmlns="http://www.w3.org/1999/xhtml" xml:lang="en" lang="en">
 <head>
  <title>
</title>
<meta http-equiv="Content-Type" content="text/html;charset=utf-8" />
  <meta name='ocr-system' content='tesseract 3.04.00' />
  <meta name='ocr-capabilities' content='ocr_page ocr_carea ocr_par ocr_line ocrx_word'/>
</head>
<body>
  <div class='ocr_page' id='page_1' title='image "./isaacinewtonien00newtgoog/isaacinewtonien00newtgoog_0034.png"; bbox 0 0 3042 4967; ppageno 0'>
   <div class='ocr_carea' id='block_1_1' title="bbox 131 521 1318 1549">
    <p class='ocr_par' dir='ltr' id='par_1_1' title="bbox 131 521 1318 1549">
     <span class='ocr_line' id='line_1_1' title="bbox 449 521 1158 603; baseline 0.003 -8"><span class='ocrx_word' id='word_1_1' title='bbox 449 589 479 603; x_wconf 73' lang='grc'>.,</span> <span class='ocrx_word' id='word_1_2' title='bbox 526 522 635 603; x_wconf 56' lang='lat' dir='ltr'>,tertii</span> <span class='ocrx_word' id='word_1_3' title='bbox 656 521 808 599; x_wconf 80' lang='lat' dir='ltr'>ordinis.</span> <span class='ocrx_word' id='word_1_4' title='bbox 1113 542 1158 597; x_wconf 85' lang='lat'>21</span> 
     </span>
     <span class='ocr_line' id='line_1_2' title="bbox 175 692 1318 802; baseline -0.002 -24"><span class='ocrx_word' id='word_1_5' title='bbox 175 704 282 802; x_wconf 84' lang='lat' dir='ltr'>signi</span> <span class='ocrx_word' id='word_1_6' title='bbox 309 699 506 789; x_wconf 87' lang='lat' dir='ltr'>contrarii,</span> <span class='ocrx_word' id='word_1_7' title='bbox 530 692 959 777; x_wconf 84' lang='lat' dir='ltr'>conchoidalishabebit</span> <span class='ocrx_word' id='word_1_8' title='bbox 973 715 1163 796; x_wconf 79' lang='lat' dir='ltr'>punctum</span> <span class='ocrx_word' id='word_1_9' title='bbox 1201 716 1318 777; x_wconf 76' lang='lat' dir='ltr'>rar.</span> 
     </span>
     <span class='ocr_line' id='line_1_3' title="bbox 174 808 1298 923; baseline -0.005 -20"><span class='ocrx_word' id='word_1_10' title='bbox 174 822 434 923; x_wconf 76' lang='lat' dir='ltr'>conjugatum</span> <span class='ocrx_word' id='word_1_11' title='bbox 449 818 495 897; x_wconf 89' lang='lat' dir='ltr'>ad</span> <span class='ocrx_word' id='word_1_12' title='bbox 516 808 799 899; x_wconf 71' lang='lat' dir='ltr'>concavitatem</span> <span class='ocrx_word' id='word_1_13' title='bbox 822 842 928 898; x_wconf 88' lang='lat' dir='ltr'>suam</span> <span class='ocrx_word' id='word_1_14' title='bbox 945 817 1033 921; x_wconf 70' lang='lat' dir='ltr'>(fig.</span> <span class='ocrx_word' id='word_1_15' title='bbox 1054 844 1072 921; x_wconf 85' lang='lat'>5</span> <span class='ocrx_word' id='word_1_16' title='bbox 1079 820 1162 922; x_wconf 81' lang='lat'>3.),</span> <span class='ocrx_word' id='word_1_17' title='bbox 1227 820 1298 875; x_wconf 69' lang='grc' dir='ltr'>Π·</span> 
     </span>
     <span class='ocr_line' id='line_1_4' title="bbox 181 938 956 1049; baseline -0.005 -23"><span class='ocrx_word' id='word_1_18' title='bbox 181 944 320 1049; x_wconf 82' lang='lat' dir='ltr'>estque</span> <span class='ocrx_word' id='word_1_19' title='bbox 343 938 490 1045; x_wconf 66' lang='lat' dir='ltr'>spehias&#39;</span> <span class='ocrx_word' id='word_1_20' title='bbox 504 945 794 1047; x_wconf 80' lang='lat' dir='ltr'>quadragesima</span> <span class='ocrx_word' id='word_1_21' title='bbox 809 968 956 1049; x_wconf 75' lang='lat' dir='ltr'>quarta.</span> 
     </span>
     <span class='ocr_line' id='line_1_5' title="bbox 238 1070 1163 1172; baseline 0.005 -24"><span class='ocrx_word' id='word_1_22' title='bbox 238 1072 273 1148; x_wconf 88' lang='lat' dir='ltr'>Si</span> <span class='ocrx_word' id='word_1_23' title='bbox 297 1070 445 1147; x_wconf 83' lang='lat' dir='ltr'>radices</span> <span class='ocrx_word' id='word_1_24' title='bbox 464 1070 546 1146; x_wconf 84' lang='lat' dir='ltr'>duae</span> <span class='ocrx_word' id='word_1_25' title='bbox 575 1088 663 1147; x_wconf 80' lang='lat' dir='ltr'>sunt</span> <span class='ocrx_word' id='word_1_26' title='bbox 694 1070 944 1172; x_wconf 87' lang='lat' dir='ltr'>impossibiles</span> <span class='ocrx_word' id='word_1_27' title='bbox 962 1070 1163 1153; x_wconf 81' lang='lat' dir='ltr'>habebitur</span> 
     </span>
     <span class='ocr_line' id='line_1_6' title="bbox 171 1188 1161 1298; baseline -0.001 -23"><span class='ocrx_word' id='word_1_28' title='bbox 171 1192 445 1275; x_wconf 66' lang='lat' dir='ltr'>⁴citttchoidalis</span> <span class='ocrx_word' id='word_1_29' title='bbox 457 1188 570 1273; x_wconf 83' lang='lat' dir='ltr'>Pura</span> <span class='ocrx_word' id='word_1_30' title='bbox 590 1198 669 1272; x_wconf 88' lang='lat' dir='ltr'>sine</span> <span class='ocrx_word' id='word_1_31' title='bbox 691 1198 811 1290; x_wconf 88' lang='lat' dir='ltr'>ovali‚</span> <span class='ocrx_word' id='word_1_32' title='bbox 831 1198 961 1281; x_wconf 86' lang='lat' dir='ltr'>uodo,</span> <span class='ocrx_word' id='word_1_33' title='bbox 984 1199 1161 1298; x_wconf 78' lang='lat' dir='ltr'>cuspide,</span> 
     </span>
     <span class='ocr_line' id='line_1_7' title="bbox 166 1319 1161 1424; baseline -0.002 -22"><span class='ocrx_word' id='word_1_34' title='bbox 166 1321 242 1402; x_wconf 74' lang='lat' dir='ltr'>.vel</span> <span class='ocrx_word' id='word_1_35' title='bbox 253 1338 405 1422; x_wconf 84' lang='lat' dir='ltr'>puncto</span> <span class='ocrx_word' id='word_1_36' title='bbox 420 1320 634 1421; x_wconf 80' lang='lat' dir='ltr'>eonjugato</span> <span class='ocrx_word' id='word_1_37' title='bbox 649 1319 745 1420; x_wconf 60' lang='lat' dir='ltr'>(figo</span> <span class='ocrx_word' id='word_1_38' title='bbox 759 1344 803 1421; x_wconf 83' lang='lat'>5²</span> <span class='ocrx_word' id='word_1_39' title='bbox 819 1340 859 1399; x_wconf 87' lang='lat' dir='ltr'>et</span> <span class='ocrx_word' id='word_1_40' title='bbox 883 1344 897 1415; x_wconf 72' lang='grc' dir='ltr'><strong>ς</strong></span> <span class='ocrx_word' id='word_1_41' title='bbox 906 1322 965 1424; x_wconf 84' lang='lat'>3.)</span> <span class='ocrx_word' id='word_1_42' title='bbox 981 1345 1065 1424; x_wconf 84' lang='lat' dir='ltr'>quae</span> <span class='ocrx_word' id='word_1_43' title='bbox 1078 1346 1161 1423; x_wconf 86' lang='lat' dir='ltr'>spe·</span> 
     </span>
     <span class='ocr_line' id='line_1_8' title="bbox 131 1446 804 1549; baseline -0.004 -23"><span class='ocrx_word' id='word_1_44' title='bbox 131 1505 140 1527; x_wconf 86' lang='lat'><strong>.</strong></span> <span class='ocrx_word' id='word_1_45' title='bbox 176 1450 259 1526; x_wconf 82' lang='lat' dir='ltr'>cies</span> <span class='ocrx_word' id='word_1_46' title='bbox 280 1464 338 1525; x_wconf 90' lang='lat' dir='ltr'>est</span> <span class='ocrx_word' id='word_1_47' title='bbox 357 1446 641 1549; x_wconf 81' lang='lat' dir='ltr'>quadragesima</span> <span class='ocrx_word' id='word_1_48' title='bbox 662 1450 804 1549; x_wconf 81' lang='lat' dir='ltr'>quinta.</span> 
     </span>
    </p>
   </div>
   <div class='ocr_carea' id='block_1_2' title="bbox 178 1560 1243 1850">
    <p class='ocr_par' dir='ltr' id='par_1_2' title="bbox 178 1560 1243 1850">
     <span class='ocr_line' id='line_1_9' title="bbox 178 1560 1159 1749; baseline 0 -22"><span class='ocrx_word' id='word_1_49' title='bbox 178 1670 221 1749; x_wconf 88' lang='lat'>7.</span> <span class='ocrx_word' id='word_1_50' title='bbox 231 1641 298 1727; x_wconf 81' lang='lat' dir='ltr'>De</span> <span class='ocrx_word' id='word_1_51' title='bbox 306 1636 675 1749; x_wconf 79' lang='lat' dir='ltr'>Hyperbolissaptcm</span> <span class='ocrx_word' id='word_1_52' title='bbox 678 1560 909 1747; x_wconf 64' lang='lat' dir='ltr'>parabdlicis</span> <span class='ocrx_word' id='word_1_53' title='bbox 918 1638 1159 1727; x_wconf 77' lang='lat' dir='ltr'>Diametrunt</span> 
     </span>
     <span class='ocr_line' id='line_1_10' title="bbox 502 1770 1243 1850; baseline 0.007 -3"><span class='ocrx_word' id='word_1_54' title='bbox 502 1795 578 1849; x_wconf 66' lang='lat' dir='ltr'>vuon</span> <span class='ocrx_word' id='word_1_55' title='bbox 611 1770 839 1850; x_wconf 74' lang='lat' dir='ltr'>habentibus·</span> <span class='ocrx_word' id='word_1_56' title='bbox 1237 1786 1243 1793; x_wconf 84' lang='lat'><em>&#39;</em></span> 
     </span>
    </p>
   </div>
   <div class='ocr_carea' id='block_1_3' title="bbox 83 1946 1274 4179">
    <p class='ocr_par' dir='ltr' id='par_1_3' title="bbox 229 1946 1159 2050">
     <span class='ocr_line' id='line_1_11' title="bbox 229 1946 1159 2050; baseline 0.001 -26"><span class='ocrx_word' id='word_1_57' title='bbox 229 1946 268 2024; x_wconf 89' lang='lat' dir='ltr'>Si</span> <span class='ocrx_word' id='word_1_58' title='bbox 288 1946 443 2049; x_wconf 87' lang='lat' dir='ltr'>quando</span> <span class='ocrx_word' id='word_1_59' title='bbox 467 1948 507 2023; x_wconf 83' lang='lat' dir='ltr'>in</span> <span class='ocrx_word' id='word_1_60' title='bbox 535 1949 664 2049; x_wconf 89' lang='lat' dir='ltr'>primo</span> <span class='ocrx_word' id='word_1_61' title='bbox 681 1950 939 2050; x_wconf 76' lang='lat' dir='ltr'>aquationum</span> <span class='ocrx_word' id='word_1_62' title='bbox 969 1972 1057 2026; x_wconf 87' lang='lat' dir='ltr'>casu</span> <span class='ocrx_word' id='word_1_63' title='bbox 1082 1964 1159 2025; x_wconf 89' lang='lat' dir='ltr'>ter·</span> 
     </span>
    </p>

    <p class='ocr_par' dir='ltr' id='par_1_4' title="bbox 83 2073 1243 2679">
     <span class='ocr_line' id='line_1_12' title="bbox 83 2073 1159 2182; baseline -0.003 -29"><span class='ocrx_word' id='word_1_64' title='bbox 83 2178 84 2182; x_wconf 6' lang='lat' dir='ltr'>x</span> <span class='ocrx_word' id='word_1_65' title='bbox 179 2076 308 2153; x_wconf 83' lang='lat' dir='ltr'>minus</span> <span class='ocrx_word' id='word_1_66' title='bbox 327 2084 407 2151; x_wconf 70' lang='lat' dir='ltr'>aad</span> <span class='ocrx_word' id='word_1_67' title='bbox 428 2073 559 2166; x_wconf 82' lang='lat' dir='ltr'>deest,</span> <span class='ocrx_word' id='word_1_68' title='bbox 580 2088 620 2151; x_wconf 85' lang='lat' dir='ltr'>et</span> <span class='ocrx_word' id='word_1_69' title='bbox 638 2074 822 2150; x_wconf 87' lang='lat' dir='ltr'>terminus</span> <span class='ocrx_word' id='word_1_70' title='bbox 847 2075 916 2149; x_wconf 84' lang='lat' dir='ltr'>bx</span> <span class='ocrx_word' id='word_1_71' title='bbox 936 2094 1018 2152; x_wconf 87' lang='lat' dir='ltr'>uon</span> <span class='ocrx_word' id='word_1_72' title='bbox 1033 2073 1159 2168; x_wconf 85' lang='lat' dir='ltr'>deest,</span> 
     </span>
     <span class='ocr_line' id='line_1_13' title="bbox 179 2196 1243 2301; baseline 0.001 -24"><span class='ocrx_word' id='word_1_73' title='bbox 179 2198 302 2301; x_wconf 85' lang='lat' dir='ltr'>ligura</span> <span class='ocrx_word' id='word_1_74' title='bbox 331 2202 417 2276; x_wconf 90' lang='lat' dir='ltr'>etit·</span> <span class='ocrx_word' id='word_1_75' title='bbox 432 2196 640 2298; x_wconf 88' lang='lat' dir='ltr'>hyperbola</span> <span class='ocrx_word' id='word_1_76' title='bbox 672 2200 884 2301; x_wconf 74' lang='lat' dir='ltr'>parabolica</span> <span class='ocrx_word' id='word_1_77' title='bbox 907 2200 987 2276; x_wconf 90' lang='lat' dir='ltr'>duo</span> <span class='ocrx_word' id='word_1_78' title='bbox 1019 2198 1162 2278; x_wconf 81' lang='lat' dir='ltr'>habeus</span> <span class='ocrx_word' id='word_1_79' title='bbox 1238 2220 1243 2224; x_wconf 82' lang='lat'>·</span> 
     </span>
     <span class='ocr_line' id='line_1_14' title="bbox 182 2322 1229 2425; baseline 0.003 -24"><span class='ocrx_word' id='word_1_80' title='bbox 182 2346 293 2401; x_wconf 80' lang='lat' dir='ltr'>truta</span> <span class='ocrx_word' id='word_1_81' title='bbox 310 2322 552 2423; x_wconf 87' lang='lat' dir='ltr'>hyperbolica</span> <span class='ocrx_word' id='word_1_82' title='bbox 564 2324 611 2403; x_wconf 86' lang='lat' dir='ltr'>ad</span> <span class='ocrx_word' id='word_1_83' title='bbox 624 2346 741 2401; x_wconf 86' lang='lat' dir='ltr'>unam</span> <span class='ocrx_word' id='word_1_84' title='bbox 754 2322 1021 2425; x_wconf 81' lang='lat' dir='ltr'>Asymptot&#39;on</span> <span class='ocrx_word' id='word_1_85' title='bbox 1038 2325 1161 2404; x_wconf 79' lang='lat' dir='ltr'>sAG</span> <span class='ocrx_word' id='word_1_86' title='bbox 1227 2369 1229 2372; x_wconf 95' lang='lat'>·</span> 
     </span>
     <span class='ocr_line' id='line_1_15' title="bbox 185 2447 1161 2551; baseline 0.004 -27"><span class='ocrx_word' id='word_1_87' title='bbox 185 2464 228 2525; x_wconf 93' lang='lat' dir='ltr'>et</span> <span class='ocrx_word' id='word_1_88' title='bbox 244 2448 322 2525; x_wconf 84' lang='lat' dir='ltr'>duo</span> <span class='ocrx_word' id='word_1_89' title='bbox 338 2447 547 2549; x_wconf 80' lang='lat' dir='ltr'>parabolica</span> <span class='ocrx_word' id='word_1_90' title='bbox 572 2450 611 2525; x_wconf 91' lang='lat' dir='ltr'>in</span> <span class='ocrx_word' id='word_1_91' title='bbox 625 2448 775 2551; x_wconf 80' lang='lat' dir='ltr'>plagam</span> <span class='ocrx_word' id='word_1_92' title='bbox 799 2472 915 2527; x_wconf 86' lang='lat' dir='ltr'>unam</span> <span class='ocrx_word' id='word_1_93' title='bbox 939 2468 979 2526; x_wconf 90' lang='lat' dir='ltr'>et</span> <span class='ocrx_word' id='word_1_94' title='bbox 998 2450 1161 2529; x_wconf 85' lang='lat' dir='ltr'>eandem</span> 
     </span>
     <span class='ocr_line' id='line_1_16' title="bbox 182 2574 1159 2679; baseline 0.002 -26"><span class='ocrx_word' id='word_1_95' title='bbox 182 2577 469 2677; x_wconf 81' lang='lat' dir='ltr'>convelgentia.</span> <span class='ocrx_word' id='word_1_96' title='bbox 501 2574 538 2651; x_wconf 88' lang='lat' dir='ltr'>Si</span> <span class='ocrx_word' id='word_1_97' title='bbox 565 2574 749 2655; x_wconf 87' lang='lat' dir='ltr'>terminus</span> <span class='ocrx_word' id='word_1_98' title='bbox 773 2602 796 2653; x_wconf 83' lang='lat' dir='ltr'>e</span> <span class='ocrx_word' id='word_1_99' title='bbox 802 2602 833 2679; x_wconf 89' lang='lat' dir='ltr'><em>y</em></span> <span class='ocrx_word' id='word_1_100' title='bbox 852 2599 934 2653; x_wconf 82' lang='lat' dir='ltr'>uon</span> <span class='ocrx_word' id='word_1_101' title='bbox 958 2577 1085 2672; x_wconf 85' lang='lat' dir='ltr'>deest,</span> <span class='ocrx_word' id='word_1_102' title='bbox 1111 2576 1159 2655; x_wconf 84' lang='lat' dir='ltr'>fi-</span> 
     </span>
    </p>

    <p class='ocr_par' dir='ltr' id='par_1_5' title="bbox 83 2677 1158 2811">
     <span class='ocr_line' id='line_1_17' title="bbox 83 2677 1158 2811; baseline -0.002 -31"><span class='ocrx_word' id='word_1_103' title='bbox 83 2677 88 2693; x_wconf 58' lang='grc'><strong><em>’</em></strong></span> <span class='ocrx_word' id='word_1_104' title='bbox 183 2726 276 2804; x_wconf 78' lang='lat' dir='ltr'>gura</span> <span class='ocrx_word' id='word_1_105' title='bbox 300 2704 443 2781; x_wconf 83' lang='lat' dir='ltr'>trullam</span> <span class='ocrx_word' id='word_1_106' title='bbox 469 2700 625 2781; x_wconf 87' lang='lat' dir='ltr'>habebit</span> <span class='ocrx_word' id='word_1_107' title='bbox 648 2702 912 2797; x_wconf 76' lang='lat' dir='ltr'>Diametrum3</span> <span class='ocrx_word' id='word_1_108' title='bbox 944 2706 1000 2781; x_wconf 89' lang='lat' dir='ltr'>sin</span> <span class='ocrx_word' id='word_1_109' title='bbox 1028 2704 1158 2811; x_wconf 82' lang='lat' dir='ltr'>deest,</span> 
     </span>
    </p>

    <p class='ocr_par' dir='ltr' id='par_1_6' title="bbox 84 2826 1160 2931">
     <span class='ocr_line' id='line_1_18' title="bbox 84 2826 1160 2931; baseline 0 -26"><span class='ocrx_word' id='word_1_110' title='bbox 84 2830 92 2875; x_wconf 74' lang='lat' dir='ltr'>r</span> <span class='ocrx_word' id='word_1_111' title='bbox 181 2828 339 2905; x_wconf 87' lang='lat' dir='ltr'>habebit</span> <span class='ocrx_word' id='word_1_112' title='bbox 370 2826 536 2907; x_wconf 87' lang='lat' dir='ltr'>unicam.</span> <span class='ocrx_word' id='word_1_113' title='bbox 565 2827 610 2906; x_wconf 90' lang='lat' dir='ltr'>lu</span> <span class='ocrx_word' id='word_1_114' title='bbox 635 2830 752 2929; x_wconf 85' lang='lat' dir='ltr'>priori</span> <span class='ocrx_word' id='word_1_115' title='bbox 782 2852 870 2907; x_wconf 88' lang='lat' dir='ltr'>casu</span> <span class='ocrx_word' id='word_1_116' title='bbox 903 2831 1045 2931; x_wconf 86' lang='lat' dir='ltr'>species</span> <span class='ocrx_word' id='word_1_117' title='bbox 1070 2848 1160 2906; x_wconf 85' lang='lat' dir='ltr'>sunt</span> 
     </span>
    </p>

    <p class='ocr_par' dir='ltr' id='par_1_7' title="bbox 84 2948 524 3039">
     <span class='ocr_line' id='line_1_19' title="bbox 84 2948 524 3039; baseline -0.007 -6"><span class='ocrx_word' id='word_1_118' title='bbox 84 2962 86 3033; x_wconf 80' lang='grc' dir='ltr'>ἶ</span> <span class='ocrx_word' id='word_1_119' title='bbox 183 2952 253 3039; x_wconf 77' lang='lat' dir='ltr'>hae,</span> <span class='ocrx_word' id='word_1_120' title='bbox 376 2960 378 2967; x_wconf 87' lang='lat'>&#39;</span> <span class='ocrx_word' id='word_1_121' title='bbox 522 2948 524 2953; x_wconf 64' lang='grc'><em>’</em></span> 
     </span>
    </p>

    <p class='ocr_par' dir='ltr' id='par_1_8' title="bbox 183 3075 1175 3677">
     <span class='ocr_line' id='line_1_20' title="bbox 232 3075 1175 3177; baseline 0.005 -25"><span class='ocrx_word' id='word_1_122' title='bbox 232 3077 270 3153; x_wconf 85' lang='lat' dir='ltr'>Si</span> <span class='ocrx_word' id='word_1_123' title='bbox 306 3092 381 3154; x_wconf 88' lang='lat' dir='ltr'>tres</span> <span class='ocrx_word' id='word_1_124' title='bbox 406 3076 549 3155; x_wconf 84' lang='lat' dir='ltr'>radices</span> <span class='ocrx_word' id='word_1_125' title='bbox 578 3075 682 3172; x_wconf 76' lang='lat' dir='ltr'>At,</span> <span class='ocrx_word' id='word_1_126' title='bbox 709 3079 819 3173; x_wconf 65' lang='lat' dir='ltr'>Art,</span> <span class='ocrx_word' id='word_1_127' title='bbox 843 3079 934 3157; x_wconf 59' lang='grc' dir='ltr'>Ατ</span> <span class='ocrx_word' id='word_1_128' title='bbox 953 3077 1045 3177; x_wconf 73' lang='lat' dir='ltr'><em>(fig.</em></span> <span class='ocrx_word' id='word_1_129' title='bbox 1071 3076 1175 3176; x_wconf 73' lang='lat'>54.)</span> 
     </span>
     <span class='ocr_line' id='line_1_21' title="bbox 183 3201 1123 3303; baseline 0.003 -28"><span class='ocrx_word' id='word_1_130' title='bbox 183 3204 406 3303; x_wconf 72' lang='lat' dir='ltr'>aquationis</span> <span class='ocrx_word' id='word_1_131' title='bbox 431 3201 511 3301; x_wconf 75' lang='lat' dir='ltr'>ejus</span> <span class='ocrx_word' id='word_1_132' title='bbox 529 3202 1123 3301; x_wconf 66' lang='lat' dir='ltr'>bx³÷cx²÷dx÷÷e²=o</span> 
     </span>
     <span class='ocr_line' id='line_1_22' title="bbox 183 3324 1159 3442; baseline 0.003 -41"><span class='ocrx_word' id='word_1_133' title='bbox 183 3344 272 3402; x_wconf 79' lang='lat' dir='ltr'>strnt</span> <span class='ocrx_word' id='word_1_134' title='bbox 290 3327 491 3427; x_wconf 76' lang='lat' dir='ltr'>inaequales</span> <span class='ocrx_word' id='word_1_135' title='bbox 512 3342 552 3403; x_wconf 87' lang='lat' dir='ltr'>et</span> <span class='ocrx_word' id='word_1_136' title='bbox 573 3325 744 3426; x_wconf 90' lang='lat' dir='ltr'>ejusdem</span> <span class='ocrx_word' id='word_1_137' title='bbox 763 3328 880 3442; x_wconf 68' lang='lat' dir='ltr'>signi,</span> <span class='ocrx_word' id='word_1_138' title='bbox 900 3324 1019 3427; x_wconf 86' lang='lat' dir='ltr'>figura</span> <span class='ocrx_word' id='word_1_139' title='bbox 1042 3348 1159 3404; x_wconf 86' lang='lat' dir='ltr'>tous·</span> 
     </span>
     <span class='ocr_line' id='line_1_23' title="bbox 187 3450 1160 3553; baseline 0.005 -28"><span class='ocrx_word' id='word_1_140' title='bbox 187 3450 337 3539; x_wconf 81' lang='lat' dir='ltr'>tabitex</span> <span class='ocrx_word' id='word_1_141' title='bbox 359 3454 488 3545; x_wconf 71' lang='lat' dir='ltr'>avari,</span> <span class='ocrx_word' id='word_1_142' title='bbox 506 3470 546 3528; x_wconf 86' lang='lat' dir='ltr'>et</span> <span class='ocrx_word' id='word_1_143' title='bbox 567 3454 644 3531; x_wconf 89' lang='lat' dir='ltr'>aliis</span> <span class='ocrx_word' id='word_1_144' title='bbox 667 3454 811 3530; x_wconf 86' lang='lat' dir='ltr'>duabus</span> <span class='ocrx_word' id='word_1_145' title='bbox 830 3456 969 3546; x_wconf 78' lang='lat' dir='ltr'>curvis,</span> <span class='ocrx_word' id='word_1_146' title='bbox 984 3476 1066 3553; x_wconf 87' lang='lat' dir='ltr'>quae</span> <span class='ocrx_word' id='word_1_147' title='bbox 1080 3476 1160 3553; x_wconf 89' lang='lat' dir='ltr'>par-</span> 
     </span>
     <span class='ocr_line' id='line_1_24' title="bbox 187 3574 1175 3677; baseline 0.002 -29"><span class='ocrx_word' id='word_1_148' title='bbox 187 3574 261 3648; x_wconf 84' lang='lat' dir='ltr'>tim</span> <span class='ocrx_word' id='word_1_149' title='bbox 285 3574 536 3677; x_wconf 77' lang='lat' dir='ltr'>hyperbolica:</span> <span class='ocrx_word' id='word_1_150' title='bbox 558 3594 666 3661; x_wconf 87' lang='lat' dir='ltr'>sunt,</span> <span class='ocrx_word' id='word_1_151' title='bbox 702 3574 899 3677; x_wconf 86' lang='lat' dir='ltr'>et&#39;.pattim</span> <span class='ocrx_word' id='word_1_152' title='bbox 929 3577 1175 3677; x_wconf 54' lang='lat' dir='ltr'>parabolica„</span> 
     </span>
    </p>

    <p class='ocr_par' dir='ltr' id='par_1_9' title="bbox 86 3690 1162 3927">
     <span class='ocr_line' id='line_1_25' title="bbox 86 3690 1160 3802; baseline -0.001 -24"><span class='ocrx_word' id='word_1_153' title='bbox 86 3720 87 3723; x_wconf 64' lang='lat'>‘</span> <span class='ocrx_word' id='word_1_154' title='bbox 186 3690 344 3799; x_wconf 85' lang='lat' dir='ltr'>Nempe</span> <span class='ocrx_word' id='word_1_155' title='bbox 360 3722 465 3779; x_wconf 84' lang='lat' dir='ltr'>cruta</span> <span class='ocrx_word' id='word_1_156' title='bbox 487 3702 698 3802; x_wconf 85' lang='lat' dir='ltr'>parabolica</span> <span class='ocrx_word' id='word_1_157' title='bbox 719 3703 907 3781; x_wconf 79' lang='lat' dir='ltr'>cortinub</span> <span class='ocrx_word' id='word_1_158' title='bbox 927 3701 1046 3777; x_wconf 89' lang='lat' dir='ltr'>ductu</span> <span class='ocrx_word' id='word_1_159' title='bbox 1075 3699 1160 3795; x_wconf 84' lang='lat' dir='ltr'>jun-</span> 
     </span>
     <span class='ocr_line' id='line_1_26' title="bbox 181 3824 1162 3927; baseline 0.003 -30"><span class='ocrx_word' id='word_1_160' title='bbox 181 3836 328 3927; x_wconf 82' lang='lat' dir='ltr'>guntur</span> <span class='ocrx_word' id='word_1_161' title='bbox 347 3828 513 3903; x_wconf 84' lang='lat' dir='ltr'>eruribus</span> <span class='ocrx_word' id='word_1_162' title='bbox 535 3824 787 3926; x_wconf 85' lang='lat' dir='ltr'>hyperbolicis</span> <span class='ocrx_word' id='word_1_163' title='bbox 808 3827 877 3903; x_wconf 87' lang='lat' dir='ltr'>sibi</span> <span class='ocrx_word' id='word_1_164' title='bbox 898 3828 1090 3926; x_wconf 79' lang='lat' dir='ltr'>proximis.</span> <span class='ocrx_word' id='word_1_165' title='bbox 1114 3825 1162 3900; x_wconf 86' lang='lat' dir='ltr'>Et</span> 
     </span>
    </p>

    <p class='ocr_par' dir='ltr' id='par_1_10' title="bbox 86 3949 1032 4051">
     <span class='ocr_line' id='line_1_27' title="bbox 86 3949 1032 4051; baseline 0.001 -24"><span class='ocrx_word' id='word_1_166' title='bbox 86 3964 87 3969; x_wconf 70' lang='lat'>‘</span> <span class='ocrx_word' id='word_1_167' title='bbox 182 3949 262 4027; x_wconf 80' lang='lat' dir='ltr'>haec</span> <span class='ocrx_word' id='word_1_168' title='bbox 286 3965 345 4025; x_wconf 86' lang='lat' dir='ltr'>est</span> <span class='ocrx_word' id='word_1_169' title='bbox 365 3954 507 4050; x_wconf 81' lang='lat' dir='ltr'>specics</span> <span class='ocrx_word' id='word_1_170' title='bbox 524 3950 811 4051; x_wconf 78' lang='lat' dir='ltr'>quadragesima</span> <span class='ocrx_word' id='word_1_171' title='bbox 830 3973 949 4030; x_wconf 75' lang='lat' dir='ltr'>sexta</span> <span class='ocrx_word' id='word_1_172' title='bbox 1029 4039 1032 4047; x_wconf 30' lang='lat'><strong><em>¹</em></strong></span> 
     </span>
    </p>

    <p class='ocr_par' dir='ltr' id='par_1_11' title="bbox 227 4072 1274 4181">
     <span class='ocr_line' id='line_1_28' title="bbox 227 4072 1274 4179; baseline 0.001 -28"><span class='ocrx_word' id='word_1_173' title='bbox 227 4072 266 4151; x_wconf 86' lang='lat' dir='ltr'>Si</span> <span class='ocrx_word' id='word_1_174' title='bbox 288 4072 535 4155; x_wconf 80' lang='lat' dir='ltr'>radicesduae</span> <span class='ocrx_word' id='word_1_175' title='bbox 549 4078 719 4156; x_wconf 77' lang='lat' dir='ltr'>minores</span> <span class='ocrx_word' id='word_1_176' title='bbox 738 4094 827 4164; x_wconf 83' lang='lat' dir='ltr'>suut</span> <span class='ocrx_word' id='word_1_177' title='bbox 841 4077 1019 4179; x_wconf 78' lang='lat' dir='ltr'>aequales,</span> <span class='ocrx_word' id='word_1_178' title='bbox 1034 4093 1073 4153; x_wconf 94' lang='lat' dir='ltr'>et</span> <span class='ocrx_word' id='word_1_179' title='bbox 1088 4092 1160 4154; x_wconf 72' lang='lat' dir='ltr'>ter:</span> <span class='ocrx_word' id='word_1_180' title='bbox 1270 4080 1274 4087; x_wconf 83' lang='lat'>&#39;</span> 
     </span>
    </p>
   </div>
   <div class='ocr_carea' id='block_1_4' title="bbox 0 0 1526 4967">
    <p class='ocr_par' dir='ltr' id='par_1_12' title="bbox 0 0 1526 4967">
     <span class='ocr_line' id='line_1_29' title="bbox 0 0 1526 4967; baseline 0 0"><span class='ocrx_word' id='word_1_181' title='bbox 0 0 1526 4967; x_wconf 95' lang='lat' dir='ltr'> </span> 
     </span>
    </p>
   </div>
  </div>
 </body>
</html>
