3042 4967
83 378 87 469 ι

243 537 380 622 Linea
403 546 507 619 tertii
526 539 667 618 ordinis
683 534 1027 620 Nnfflrortrnun.
1059 563 1132 638 107·
1213 563 1215 567 ·

139 665 1127 696 *dm

143 727 200 800 sin
227 725 357 818 impar
386 721 424 792 in
458 740 540 794 uno
574 740 663 796 casu
694 723 766 820 erit
796 717 1056 810 affirmativus,
1090 727 1129 794 in

140 851 276 928 altero
299 848 512 944 negativus:
553 845 662 922 Cum
690 849 805 946 igitur
833 848 940 948 plaga
974 853 1150 922 crurum*

120 971 299 1075 ·pendet
319 992 360 1044 er
385 971 498 1070 signo
519 973 673 1046 termini
698 971 892 1064 altissimi,
926 975 966 1048 in
1002 973 1131 1070 primo
1235 1065 1237 1072 Ι

144 1118 423 1198 casqpergent
449 1120 554 1172 crura
580 1096 627 1173 ad
646 1098 772 1197 plagas
804 1099 979 1179 easdem,
1004 1099 1044 1172 in
1075 1121 1132 1172 se-

128 1222 277 1299 ¹eundo
299 1221 348 1297 ad
374 1224 579 1320 oppositas.
602 1219 649 1312 Q.
671 1225 712 1298 E·
734 1223 785 1299 D.
835 1259 838 1265 ·

192 1346 349 1424 Pendet
388 1336 621 1448 itaquetota
647 1347 758 1449 hujus
796 1348 1133 1426 demonstrationis

139 1473 197 1558 vis
221 1493 271 1546 ex
290 1454 466 1574 termin'o
481 1472 686 1566 altissim03
702 1474 877 1576 adeoque
902 1473 995 1550 nihil
1019 1471 1135 1549 refert

142 1596 361 1698 quomodo
403 1620 485 1674 sese
523 1597 687 1678 habeant
721 1603 874 1678 termini
908 1600 1133 1677 intermedii.

140 1712 305 1800 Eodem
322 1743 379 1798 tes
400 1724 517 1810 redit,
545 1743 677 1804 umun
709 1724 948 1803 affirmentur
977 1724 1037 1802 vel
1066 1747 1136 1798 ne·

142 1867 312 1950 gentum
351 1867 488 1928 utrum
519 1854 662 1929 sintin
688 1851 901 1955 aequatione
938 1852 998 1930 vel
1027 1873 1135 1942 non5

144 1999 243 2054 nam
267 1970 550 2057 demonstratio
571 1978 708 2056 abillis
730 1978 899 2060 minime·
912 1976 1135 2056 turbabitur.

562 2170 749 2260 Scholion.
833 2245 836 2254 ,

163 2354 166 2357 ’
199 2359 516 2457 Propositionem
542 2357 642 2434 hanc
674 2382 725 2433 eo
758 2361 920 2436 consilio
950 2335 1109 2459 praemisi
1122 2366 1138 2453 ,'

95 2574 100 2589 Ι
146 2499 202 2562 ut
229 2504 299 2583 per
321 2507 407 2562 eam
424 2484 570 2561 facilior
594 2502 741 2584 pateret
761 2485 883 2562 aditus
896 2487 942 2564 ad
959 2486 1139 2586 quasdam

146 2611 418 2715 aequationurn
454 2607 677 2722 affectiones
705 2609 727 2686 a
759 2615 915 2690 nemine
950 2611 1160 2714 quantbm·

98 2722 102 2731 ¹
148 2735 342 2817 aeiohuc
367 2761 487 2839 usque
505 2739 599 2815 'satis
627 2741 836 2840 expositas,
864 2757 903 2816 at
930 2741 1148 2830 necessariox

147 2864 421 2965 intelligendas
440 2864 489 2940 ab
516 2887 566 2940 eo
592 2867 659 2966 qui
679 2877 909 2964 sequentem
940 2888 1142 2940 curvatum

146 2994 494 3095 ¹enumerationem
516 2990 742 3090 aggreditur.
758 2991 971 3076 Usustverb
999 3007 1165 3092 propo-

145 3093 308 3200 titionis
328 3116 508 3215 exemplis
531 3114 775 3214 sequentibus
799 3117 926 3189 statim
952 3113 1196 3214 apparebit*
1249 3134 1250 3138 ‘

144 3250 188 3324 in
209 3242 486 3342 dignoscendis
508 3236 667 3317 realibus
689 3257 730 3316 et
753 3241 981 3339 imaginariis
1006 3223 1169 3316 'radici'
1227 3323 1229 3328 ,
1342 3307 1344 3313 .

143 3372 238 3448 bus:
251 3351 540 3466 aquationum,
564 3365 681 3466 idque
699 3365 759 3441 vel
785 3363 1035 3458 calcu10‚vel
1061 3365 1145 3470 der·

142 3492 348 3578 cribendo
372 3513 552 3585 corvam3
576 3491 642 3567 sed
667 3508 708 3568 et
740 3491 990 3570 describendo
1016 3484 1174 3568 curvar‘

142 3622 439 3708 construuntur
460 3621 719 3718 aquationem
743 3621 827 3694 satis
852 3615 1009 3716 quidem
1027 3627 1147 3716 expe·
1230 3611 1231 3614 ’
1330 3678 1332 3688 ,

142 3747 267 3840 dite,
283 3743 409 3820 modo
425 3745 508 3843 quis
540 3738 612 3819 hac
636 3742 845 3818 methodo
847 3744 1062 3842 procedere
1091 3766 1150 3819 as-

144 3892 291 3958 suetus
314 3872 374 3946 sit.
397 3866 552 3944 Nam
526 3892 556 3943 rr
578 3871 760 3969 aquatio
765 3859 813 3944 sit
834 3867 989 3960 cubica,
1012 3866 1151 3945 sufficit

144 4000 334 4082 invenire
348 3998 521 4096 quinque
541 3993 601 4068 vel
611 4018 679 4071 sex
698 4017 821 4072 curvae
839 4013 1005 4094 puncta3
1041 3998 1071 4070 si
1090 3997 1151 4072 Bi
1247 4019 1249 4022 ·
1280 3997 1281 4001 '

148 4123 416 4238 quadratica,
428 4115 596 4206 sufficit
586 4102 757 4200 invenire
775 4137 871 4198 octo
873 4098 952 4202 vel
966 4120 1115 4200 decern
1169 4100 1177 4145 ⁷
1241 4141 1243 4144 ·
