3042 4967
272 502 425 593 Lineae
443 512 550 587 tertii
570 508 711 588 ordinis
731 504 1081 606 Nrn'roreranar·
1130 543 1180 621 45
1286 562 1293 576 ·

171 636 1179 674 Μ

91 770 96 817 ²
177 820 180 825 ·
267 845 271 849 -
362 783 426 869 De
447 790 635 868 terimam
660 791 892 890 infinitarum
912 816 1008 876 ortu.

209 1051 212 1057 .
240 998 292 1077 o.
309 985 543 1089 Watusrus,
572 995 613 1069 tn
637 961 898 1074 Aramaua
920 998 1178 1101 infinitorum,

192 1130 412 1223 01655
439 1114 650 1221 publicata,
686 1122 819 1198 multis
852 1125 1034 1225 exemplis
1063 1133 1180 1228 parti·

189 1249 378 1385 sularibus
413 1247 637 1349 generaliter
672 1248 830 1326 tandem
866 1254 1037 1347 invenit,
1070 1254 1180 1411 quod
1286 1350 1302 1363 „

89 1534 90 1537 ι
172 1452 204 1532 si
248 1450 453 1530 ordinata
474 1470 595 1531 eutvae
633 1452 680 1527 sit
708 1430 789 1547 εἷ’,
843 1454 916 1531 erit
975 1452 1056 1554 ejus
1095 1477 1180 1535 area

90 1695 97 1731 p.
176 1573 454 1788 ssxfss
453 1628 575 1729 Ope
597 1628 679 1727 ejus
700 1629 839 1733 regula
863 1630 1063 1733 quadravit
1088 1654 1179 1712 om·

171 1851 246 1907 tres
266 1852 407 1908 curvas
429 1852 591 1931 quarum
615 1830 807 1909 ordinatas
828 1830 969 1909 habere
988 1834 1118 1931 potuit
1138 1832 1179 1909 in

87 2035 88 2043 Ν
173 1958 360 2033 terminis
389 1954 633 2035 rationalibus
656 1978 855 2059 expressas.
893 1949 1180 2035 nivedunus

174 2084 246 2183 per
260 2082 611 2183 interpolationem
627 2106 801 2163 arearum
822 2084 870 2161 ab
890 2082 1073 2160 ordinatis
1087 2080 1181 2182 (per

179 2198 365 2290 Wallisii
384 2210 575 2311 regulam)
601 2210 857 2289 deductarum
882 2210 1082 2313 quadravit
1104 2212 1180 2287 cir·

120 2345 123 2353 ‘
180 2335 333 2411 cuium·
354 2337 405 2413 Et
432 2359 476 2413 err
490 2332 578 2415 datd
603 2336 685 2432 eius
710 2331 796 2412 ared
822 2339 862 2422 in
887 2339 981 2412 serie
1007 2330 1178 2443 infinitd,

182 2466 256 2560 per
282 2480 474 2539 reversum
490 2462 627 2564 regula
653 2452 712 2537 W
707 2464 831 2541 allisir'
850 2462 997 2540 invenit
1013 2461 1094 2559 ejus
1111 2483 1178 2537 or·

177 2586 356 2667 dinatam
374 2591 414 2665 in
444 2593 539 2667 serie
563 2592 682 2667 etiam
705 2581 858 2671 infinita
878 2609 1104 2690 expressam.
1128 2587 1177 2663 Et

179 2714 422 2795 methodum
431 2714 687 2829 interpolandi
697 2692 1178 2817 prosecutus‚Theorema

90 2829 96 2922 ’Ξ
176 2862 296 2921 suum
319 2845 469 2923 invenit
487 2864 562 2945 pto
583 2841 772 2922 elevando
790 2840 975 2935 Binomio
989 2838 1036 2916 ad
1054 2836 1178 2939 digni·

181 2987 308 3048 tatem
322 2973 497 3073 quamvis
510 2968 880 3057 indeterminatam:
899 2984 944 3049 ut
960 2982 1114 3043 constat
1129 2986 1176 3041 ex

90 3070 353 3198 Epistold
366 3096 505 3195 eiusad
519 3097 569 3173 D.
586 3090 884 3205 Oldenhurgium
904 3112 945 3190 13
959 3089 1055 3189 junii
1071 3110 1177 3169 anno
1269 3072 1273 3081 ’

181 3231 284 3325 '1676
315 3216 439 3303 missd
471 3219 553 3299 Sed
566 3219 916 3321 interpolationum
937 3213 1186 3294 methodum—

179 3354 341 3431 missam
363 3347 522 3427 tandem
534 3346 713 3435 faciens,
734 3346 978 3445 operationes
991 3343 1178 3444 speciosas

120 3475 356 3579 perinde
352 3472 698 3559 utArrthmetrcas
690 3474 888 3552 instituere
886 3488 1047 3577 coeprt
1059 3486 1178 3573 atque
1261 3469 1264 3472 ’
1377 3502 1384 3512 ·

185 3602 319 3681 docuit
334 3602 518 3679 reducere
534 3601 678 3689 radices
690 3600 953 3701 aquationum
969 3598 1178 3689 omnium,

131 3728 311 3848 primo
336 3725 572 3827 simplicium
598 3719 761 3799 deinde
779 3718 1026 3815 affectatum,
1041 3722 1097 3795 in
1117 3742 1178 3795 se·
1196 3789 1198 3793 .

177 3859 249 3933 ties
265 3870 579 3953 convergentes.
579 3852 668 3929 Hoc
678 3865 783 3951 patet
797 3872 842 3923 ex
867 3869 947 3941 erus
960 3838 1070 3925 Ana
1053 3852 1124 3949 ysr
1153 3842 1177 3921 a
1275 3835 1277 3839 ’

175 3976 435 4064 Barroviosd
447 3966 542 4053 Coll'
499 3982 645 4053 llrnium
657 3999 789 4053 mense
803 3973 921 4071 julio,
934 3996 1037 4051 anno
1055 3980 1148 4066 1669
1163 4032 1176 4070 ,

142 4106 305 4223 missa.
324 4108 373 4185 In
397 4102 533 4259 eadem
554 4091 776 4205 Αιιαίγιί,
765 4103 947 4178 setierum
966 4119 1066 4198 ope,
1082 4121 1176 4199 qua·
