3042 4967
259 507 514 592 Zineae‘rertii
532 515 671 591 ordinis
691 506 1040 594 'NsWTourAuau
1073 539 1112 614 15
1120 537 1138 612 5

337 823 340 832 ,
373 729 527 838 Species
552 736 691 818 XLIII.
748 727 834 837 Fig.
864 738 936 835 48..

93 981 95 1004 ἦ
208 917 248 993 Si
270 917 493 1016 aequati0nis
508 942 533 992 a
545 917 688 992 x³=b
702 924 744 990 x²
758 930 882 998 -i-cx
896 931 947 999 -i-
962 917 989 992 d
1000 915 1142 1015 radices

161 1045 238 1118 siut
261 1064 398 1118 omnes
422 1043 538 1118 reales
556 1041 729 1140 ejusdem
745 1044 840 1139 signi
862 1059 901 1116 et
916 1043 1141 1140 inaequales,
1167 1083 1173 1094 ,

164 1165 277 1268 figura
295 1185 448 1245 constat
462 1192 507 1243 ex
520 1167 738 1244 conchoide
762 1191 852 1244 cum
867 1169 966 1247 ovaii
986 1169 1031 1242 ad
1046 1188 1142 1240 con-

162 1297 363 1374 vexitatem
379 1293 483 1393 ejus:
505 1316 588 1395 quae
607 1311 664 1370 est
687 1295 837 1394 Species
855 1293 1142 1395 ,quadragesima
1200 1277 1204 1282 ’

116 1413 321 1498 tertia„
422 1483 425 1488 .
570 1482 575 1491 .

382 1533 538 1645 Species
559 1546 697 1626 XLIV·
750 1537 838 1649 Fig.
863 1570 926 1646 49.

206 1721 244 1799 Si
269 1720 412 1798 radices
445 1722 527 1797 duae
555 1725 631 1798 sint
655 1722 883 1823 inaequales,
907 1739 947 1796 et
968 1721 1140 1818 ejusdem

154 1849 280 1947 signi,
320 1864 360 1924 et
394 1851 504 1924 tertia
535 1852 739 1940 contrarii,
767 1844 887 1948 figura
917 1866 1141 1924 constater

153 1971 375 2048 conchoide
404 1997 493 2048 curn
522 1967 622 2050 ovaii
649 1972 696 2050 ad
723 1975 1032 2051 concavitatem:
1056 1995 1141 2075 quae

152 2116 207 2173 est
224 2097 380 2200 Species
402 2097 689 2199 quadragesima
712 2117 857 2200 quarta.

389 2267 544 2375 Species
570 2266 689 2358 XLV.
740 2269 828 2375 Fig.
856 2302 915 2378 50.

203 2447 241 2524 Si
268 2449 410 2526 radices
428 2473 568 2528 omues
589 2453 664 2526 siut
682 2451 854 2546 ejusdem
873 2455 986 2552 signi,
1002 2469 1043 2528 et
1057 2452 1138 2528 duae
1170 2478 1173 2482 ⁴

152 2579 325 2652 minimae
350 2595 572 2677 aequentur,
598 2575 717 2678 figura
739 2596 892 2655 constat
916 2604 962 2655 ex
990 2580 1140 2677 Hyper-

152 2700 240 2778 bola
267 2699 441 2780 nodari:
467 2727 551 2804 quae
577 2723 634 2780 est
670 2705 820 2804 Species
854 2706 1139 2805 quadragesima

149 2835 301 2931 quiusa.

372 2919 527 3028 Species
553 2928 690 3012 XLVI.
740 2923 827 3028 Fig.
857 2955 915 3030 5¹·

197 3107 236 3185 si
265 3125 345 3181 tres
361 3107 500 3182 radices
522 3123 741 3210 aequentur,
768 3107 892 3214 nodus
915 3108 1039 3182 evadit
1072 3131 1139 3180 cu-

149 3236 246 3334 spis,
263 3251 307 3306 et
321 3229 439 3332 figura
451 3232 579 3309 evadit
598 3235 742 3311 Cissois
754 3235 942 3314 Veterum
958 3263 967 3311 ε
986 3249 1140 3333 quaeest
1179 3252 1181 3261 ’

148 3361 307 3462 Species
331 3360 614 3460 quadragesima
638 3378 751 3437 sexta.
800 3338 802 3347 ⁴
1039 3340 1042 3346 ⁵

320 3531 322 3534 ’
372 3526 529 3635 Species
551 3529 705 3616 LXVII.
758 3526 844 3634 Fig.
869 3561 883 3628 5
892 3561 943 3669 eq,

198 3711 240 3787 Si
268 3711 417 3787 radices
430 3710 512 3786 duae
542 3716 715 3788 maximae
743 3732 940 3813 aequentur
961 3732 1003 3790 et
1030 3720 1139 3792 tertia

146 3841 194 3916 sit
209 3809 390 3934 ejusder‘n
416 3839 531 3934 signi,
555 3835 674 3936 figura
697 3853 847 3912 constat
865 3838 1140 3913 exconchoide

146 3988 242 4040 cum
261 3979 412 4062 puncto
435 3961 481 4036 ad
501 3965 906 4065 convexitatemzquae
918 3981 976 4045 est
990 3964 1140 4068 Species
1186 3998 1188 4001 ·
1229 4035 1230 4038 ,
1339 4018 1341 4024 -

146 4090 443 4196 quadragesima
468 4091 639 4190 septima.
