3042 4967
437 565 443 577 -
519 536 621 631 tertii
649 535 803 611 ordinis·
1262 511 1266 529 ⁸

156 698 724 797 habet1Diametrum.1nhoc
747 732 851 798 casu,
876 713 905 787 si
933 715 1156 813 aequationis
1194 726 1314 787 m.

158 828 1154 939 hujuscx²÷dx÷ie²=o,tsdicesduaeAP,
1235 830 1277 885 V·

162 968 257 1065 Ap
278 980 359 1045 sunt
377 960 494 1053 reales
525 976 565 1037 et
594 960 816 1062 inaequales,
837 958 959 1060 (narn
992 946 1155 1061 {equales

170 1112 260 1169 esse
277 1124 280 1129 ·
298 1104 500 1189 nequeunt
525 1087 595 1162 nisi
618 1083 736 1187 figura
770 1088 819 1183 sit
845 1089 979 1163 tonica
1008 1090 1152 1183 sectio)

172 1214 295 1315 figura·
342 1211 537 1289 constabit
580 1234 625 1287 ex
666 1210 784 1288 tribus
829 1208 1045 1311 hyperbolis
1084 1211 1154 1288 sibi

163 1341 386 1439 oppositis,
409 1360 571 1439 quatum
587 1360 660 1413 una
672 1336 771 1434 jacet
784 1339 885 1413 inter
894 1337 1154 1438 Asymptotos

164 1463 385 1565 parallelas,
407 1480 448 1539 et
471 1461 591 1540 alterae
618 1462 700 1539 duae
719 1460 847 1559 jacent
863 1461 979 1540 extrb.
999 1464 1048 1541 Et
1073 1462 1154 1541 baec

166 1608 230 1669 est
256 1592 398 1690 specles
415 1592 724 1693 quinquagesima
738 1593 909 1687 septima.

224 1713 262 1790 Si
297 1713 438 1791 radices·
463 1711 533 1789 illae
557 1712 640 1789 duae
666 1729 752 1789 sunt
782 1712 1056 1813 impossibiles,
1087 1714 1155 1793 hs·

169 1840 313 1915 bentur
336 1834 556 1939 hyperbolae
583 1838 664 1913 duae
685 1840 871 1937 oppositu
892 1836 995 1913 extra
1014 1841 1155 1936 Atym-

168 1982 307 2065 ptotos
328 1964 517 2065 parallelas
539 1981 580 2039 er.
601 1965 787 2063 anguinea
801 1961 1044 2063 hyperbolica
1057 1966 1155 2053 intrb

169 2089 337 2170 easdem.
371 2090 463 2165 Haee
493 2086 612 2189 figura
643 2088 807 2167 duarum
845 2106 902 2165 est
932 2090 1154 2189 specierum.

93 2314 98 2321 Ι
170 2214 299 2308 Nam,
324 2216 517 2293 Centrum
555 2236 638 2290 non
671 2212 813 2305 habet,
840 2214 905 2291 ubi
929 2217 1158 2293 terminusd

114 2330 117 2336 ’
172 2362 257 2418 non
270 2340 376 2415 deest
393 2338 482 2439 (fig.
502 2338 585 2439 66.)
600 2369 609 2417 :
624 2339 690 2415 sed
704 2341 733 2413 si
747 2341 933 2415 terminus
949 2340 1010 2415 ilie
1026 2340 1153 2435 deest,

174 2478 364 2566 punctum
390 2466 429 2539 A
445 2484 500 2543 est
519 2465 598 2564 ejus
618 2464 812 2543 Centrum
832 2464 915 2563 (fig.
935 2472 993 2564 67.
1002 2463 1032 2564 ).
1047 2450 1153 2570 Prior

172 2591 319 2689 species
349 2606 406 2665 est
436 2593 744 2693 quinquagesima
778 2609 934 2680 octava,
963 2585 1154 2690 posterior

172 2716 482 2816 quinquagesima
500 2740 609 2797 nona.

171 2894 176 2907 ,
222 2837 393 2928 Quodsi
418 2842 605 2917 terminus
631 2865 685 2942 ey
708 2838 839 2934 deest,
860 2838 980 2941 figura
999 2858 1154 2917 consta·-

84 3026 85 3029 s
173 2945 285 3039 birex
300 2963 419 3078 tribus
432 2963 649 3064 hyperbolis
672 2969 880 3066 oppositis,
901 2988 1064 3066 quarum
1079 2990 1154 3045 una

172 3088 271 3188 jacet
297 3092 396 3167 inter
434 3091 691 3192 Asymptotos
714 3093 922 3193 parallelas,
936 3187 940 3193 Ι
956 3109 997 3168 et
1031 3092 1154 3170 alterae

172 3216 261 3293 duae·
274 3216 401 3314 jacent
412 3216 544 3309 extri,
566 3236 611 3295 ut
632 3220 671 3295 in
691 3213 1154 3319 specie‘quinquagesimi

172 3336 358 3443 septima,
382 3358 423 3418 et
444 3342 622 3442 ptaeteteb
643 3346 903 3423 Dismetrum
908 3340 1047 3424 habet,
1053 3364 1154 3442 quae

177 3480 229 3541 est
246 3468 404 3561 abscissa
420 3468 503 3547 ΑΒ
527 3468 614 3573 (fig.
632 3468 733 3570 68..)
751 3472 799 3549 Et
828 3469 908 3550 haec
928 3484 985 3548 est
1012 3469 1155 3568 species
1219 3470 1248 3529 ’-

175 3595 420 3690 sexagesima.
797 3639 802 3647 -
